@misc{weisstein,
    author   = {Weisstein, Eric W.},
    title    = {Incomplete Gamma Function. {From MathWorld---A Wolfram Web Resource}},
    url      = {\url{http://mathworld.wolfram.com/IncompleteGammaFunction.html}},
    note     = {Last accessed on 27 January 2014},
}