/Volumes/MacintoshHD/Users/brett/Documents/Engineering/Bibliographies/MSc Dissertation.bib